<?xml version="1.0" encoding="utf-8"?>
<Document xmlns="urn:iso:std:iso:20022:tech:xsd:pain.001.001.03" 
  xmlns:xsd="http://www.w3.org/2001/XMLSchema" 
  xmlns:xsi="http://www.w3.org/2001/XMLSchema-instance">
  <CstmrCdtTrfInitn>
    <GrpHdr>
      <MsgId>MSGID000002</MsgId>
      <CreDtTm>2020-07-28T10:33:56</CreDtTm>
      <NbOfTxs>1</NbOfTxs>
      <CtrlSum>22.00</CtrlSum>
      <InitgPty>
        <Nm>Tom Nook</Nm>
      </InitgPty>
    </GrpHdr>
    <PmtInf>
      <PmtInfId>PaymentInformationId</PmtInfId>
      <PmtMtd>TRF</PmtMtd>
      <NbOfTxs>1</NbOfTxs>
      <CtrlSum>22.00</CtrlSum>
      <PmtTpInf>
        <SvcLvl>
          <Cd>SEPA</Cd>
        </SvcLvl>
      </PmtTpInf>
      <ReqdExctnDt>2020-07-28</ReqdExctnDt>
      <Dbtr>
        <Nm>Tom Nook</Nm>
      </Dbtr>
      <DbtrAcct>
        <Id>
          <IBAN>AT611904300234573201</IBAN>
        </Id>
      </DbtrAcct>
      <DbtrAgt>
        <FinInstnId>
          <BIC>ABAGATWWXXX</BIC>
        </FinInstnId>
      </DbtrAgt>
      <ChrgBr>SLEV</ChrgBr>
      <CdtTrfTxInf>
        <PmtId>
          <EndToEndId>E2E-ID-1</EndToEndId>
        </PmtId>
        <Amt>
          <InstdAmt Ccy="EUR">22.00</InstdAmt>
        </Amt>
        <CdtrAgt>
          <FinInstnId>
            <BIC>HABAEE2X</BIC>
          </FinInstnId>
        </CdtrAgt>
        <Cdtr>
          <Nm>Beneficiary1</Nm>
        </Cdtr>
        <CdtrAcct>
          <Id>
            <IBAN>EE382200221020145685</IBAN>
          </Id>
        </CdtrAcct>
        <RmtInf>
          <Ustrd>RemittanceInformation1</Ustrd>
        </RmtInf>
      </CdtTrfTxInf>
    </PmtInf>
  </CstmrCdtTrfInitn>
</Document>

